<?xml version="1.0" encoding="UTF-8"?><collection xmlns="http://www.loc.gov/MARC21/slim"><record><leader>00434nam--2200157-u-4500</leader><controlfield tag="001">000056412</controlfield><controlfield tag="002">20161230</controlfield><controlfield tag="005">20170105143158</controlfield><controlfield tag="008">150814s1000------------r-----000-0-eng-d</controlfield><datafield ind1=" " ind2=" " tag="040"><subfield code="a">IFIN-HH</subfield></datafield><datafield ind1="1" ind2=" " tag="100"><subfield code="a">Raduta, Apolodor Aristotel</subfield></datafield><datafield ind1="1" ind2="0" tag="245"><subfield code="a">Nuclear structure with coherent states</subfield><subfield code="c">Apolodor Aristotel Raduta</subfield></datafield><datafield ind1=" " ind2=" " tag="260"><subfield code="a">Heidelberg</subfield><subfield code="b">Springer</subfield><subfield code="c">2015</subfield></datafield><datafield ind1=" " ind2=" " tag="300"><subfield code="a">XI+521 p</subfield></datafield><datafield ind1=" " ind2=" " tag="852"><subfield code="a">82427</subfield><subfield code="c">539.14</subfield></datafield><datafield ind1=" " ind2=" " tag="CAT"><subfield code="a">SYS</subfield><subfield code="c">20170105</subfield><subfield code="h">143158</subfield></datafield></record></collection>